@article{
    turing50,
    title={Computing machinery and intelligence},
    author={Turing, Alan M},
    journal={Mind},
    volume={59},
    number={236},
    pages={433--460},
    year={1950},
    publisher={JSTOR}
}

@article{
    lecun15,
    title={Deep learning},
    author={LeCun, Yann and Bengio, Yoshua and Hinton, Geoffrey},
    journal={Nature},
    volume={521},
    number={7553},
    pages={436--444},
    year={2015},
    publisher={Nature Research}
}

@article{
    kim14,
    title={Convolutional neural networks for sentence classification},
    author={Kim, Yoon},
    journal={arXiv preprint arXiv:1408.5882},
    year={2014}
}

@article{
    lecun98,
    title={Gradient-based learning applied to document recognition},
    author={LeCun, Yann and Bottou, L{\'e}on and Bengio, Yoshua and Haffner, Patrick},
    journal={Proceedings of the IEEE},
    volume={86},
    number={11},
    pages={2278--2324},
    year={1998},
    publisher={IEEE}
}

@article{
    hinton06,
    title={A fast learning algorithm for deep belief nets},
    author={Hinton, Geoffrey E and Osindero, Simon and Teh, Yee-Whye},
    journal={Neural computation},
    volume={18},
    number={7},
    pages={1527--1554},
    year={2006},
    publisher={MIT Press}
}

@article{
    bengio03,
    title={A neural probabilistic language model},
    author={Bengio, Yoshua and Ducharme, R{\'e}jean and Vincent, Pascal and Jauvin, Christian},
    journal={Journal of machine learning research},
    volume={3},
    number={Feb},
    pages={1137--1155},
    year={2003}
}

@incollection{
    mikolov13,
    title = {Distributed Representations of Words and Phrases and their Compositionality},
    author = {Mikolov, Tomas and Sutskever, Ilya and Chen, Kai and Corrado, Greg S and Dean, Jeff},
    booktitle = {Advances in Neural Information Processing Systems 26},
    editor = {C. J. C. Burges and L. Bottou and M. Welling and Z. Ghahramani and K. Q. Weinberger},
    pages = {3111--3119},
    year = {2013},
    publisher = {Curran Associates, Inc.},
    url = {http://papers.nips.cc/paper/5021-distributed-representations-of-words-and-phrases-and-their-compositionality.pdf}
}

@article{
    go09,
    title={Twitter sentiment classification using distant supervision},
    author={Go, Alec and Bhayani, Richa and Huang, Lei},
    journal={CS224N Project Report, Stanford},
    volume={1},
    number={12},
    year={2009}
}
